

@article{GSC12,
	author = {Gingold, Y. and Shamir, A. and Cohen-Or, D.},
	date-modified = {2021-02-25 16:10:16 +0900},
	journal = {ACM Trans. Graph.},
	number = {5},
	pages = {119:1--119:12},
	title = {Micro Perceptual Human Computation for Visual Tasks},
	volume = {31},
	year = {2012}}

@inproceedings{WL00,
	author = {Wei, Li-Yi and Levoy, Marc},
	booktitle = {Proc. SIGGRAPH 2000},
	pages = {479--488},
	title = {Fast texture synthesis using tree-structured vector quantization},
	year = {2000}}
